@Article{LIANG2025104098,
  author  = {Chen Liang and Qiang Wei and Jiang Du and Yisen Wang and Zirui Jiang},
  title   = {Survey of source code vulnerability analysis based on deep learning},
  journal = {Computers \& Security},
  volume  = {148},
  pages   = {104098},
  year    = {2025},
  issn    = {0167-4048},
  doi     = {10.1016/j.cose.2024.104098},
  url     = {https://www.sciencedirect.com/science/article/pii/S0167404824004036},
}

@article{Arp2024,
  author  = {Daniel Arp and Erwin Quiring and Feargus Pendlebury and Alexander Warnecke and Fabio Pierazzi and Christian Wressnegger and Lorenzo Cavallaro and Konrad Rieck},
  title   = {Pitfalls in Machine Learning for Computer Security},
  journal = {Communications of the ACM},
  volume  = {67},
  number  = {11},
  month   = nov,
  year    = {2024},
  pages   = {92--101},
  doi     = {10.1145/3456789},
  url     = {https://cacm.acm.org/research-highlights/pitfalls-in-machine-learning-for-computer-security/},
}

@article{jointgraph,
  author  = {Dun Jin and Chengwan He and Quan Zou and Yan Qin and Boshu Wang},
  title   = {Source Code Vulnerability Detection Based on Joint Graph and Multimodal Feature Fusion},
  journal = {Electronics},
  volume  = {14},
  number  = {5},
  pages   = {975},
  month   = {02},
  year    = {2025},
  doi     = {10.3390/electronics14050975},
}

@misc{ibm2024cost,
  author       = {IBM},
  title        = {Cost of a Data Breach Report 2024},
  year         = {2024},
  url          = {https://www.ibm.com/reports/data-breach},
  note         = {Accessed: 2025-05-09}
}

@article{ggrn,
  author    = {Luana Ruiz and Fernando Gama and Alejandro Ribeiro},
  title     = {Gated Graph Recurrent Neural Networks},
  journal   = {IEEE Transactions on Signal Processing},
  volume    = {68},
  pages     = {6303--6318},
  year      = {2020},
  issn      = {1941-0476},
  doi       = {10.1109/TSP.2020.3033962},
  url       = {http://dx.doi.org/10.1109/TSP.2020.3033962},
}

@misc{rgcn,
  author        = {Michael Schlichtkrull and Thomas N. Kipf and Peter Bloem and Rianne van den Berg and Ivan Titov and Max Welling},
  title         = {Modeling Relational Data with Graph Convolutional Networks},
  year          = {2017},
  eprint        = {1703.06103},
  archivePrefix = {arXiv},
  primaryClass  = {stat.ML},
  url           = {https://arxiv.org/abs/1703.06103},
}

@misc{harer2018automatedsoftwarevulnerabilitydetection,
  author        = {Jacob A. Harer and Louis Y. Kim and Rebecca L. Russell and Onur Ozdemir and Leonard R. Kosta and Akshay Rangamani and Lei H. Hamilton and Gabriel I. Centeno and Jonathan R. Key and Paul M. Ellingwood and Erik Antelman and Alan Mackay and Marc W. McConley and Jeffrey M. Opper and Peter Chin and Tomo Lazovich},
  title         = {Automated software vulnerability detection with machine learning},
  year          = {2018},
  eprint        = {1803.04497},
  archivePrefix = {arXiv},
  primaryClass  = {cs.SE},
  url           = {https://arxiv.org/abs/1803.04497},
}

@inproceedings{bigvul,
  author    = {Fan, Jiahao and Li, Yi and Wang, Shaohua and Nguyen, Tien N.},
  title     = {A C/C++ Code Vulnerability Dataset with Code Changes and CVE Summaries},
  booktitle = {Proceedings of the 17th International Conference on Mining Software Repositories},
  series    = {MSR '20},
  pages     = {508--512},
  year      = {2020},
  isbn      = {9781450375177},
  publisher = {Association for Computing Machinery},
  address   = {New York, NY, USA},
  url       = {https://doi.org/10.1145/3379597.3387501},
  doi       = {10.1145/3379597.3387501},
}

@Article{Abril07,
  author  = {Patricia S. Abril and Robert Plant},
  title   = {The patent holder's dilemma: Buy, sell, or troll?},
  journal = {Communications of the ACM},
  volume  = {50},
  number  = {1},
  month   = jan,
  year    = {2007},
  pages   = {36--44},
  doi     = {10.1145/1188913.1188915},
  url     = {http://doi.acm.org/10.1145/1219092.1219093},
}

@misc{gat,
  author        = {Petar Veličković and Guillem Cucurull and Arantxa Casanova and Adriana Romero and Pietro Liò and Yoshua Bengio},
  title         = {Graph Attention Networks},
  year          = {2018},
  eprint        = {1710.10903},
  archivePrefix = {arXiv},
  primaryClass  = {stat.ML},
  url           = {https://arxiv.org/abs/1710.10903},
}

@misc{turner2024introductiontransformers,
  author        = {Richard E. Turner},
  title         = {An Introduction to Transformers},
  year          = {2024},
  eprint        = {2304.10557},
  archivePrefix = {arXiv},
  primaryClass  = {cs.LG},
  url           = {https://arxiv.org/abs/2304.10557},
}

@misc{joern,
  author = {The Joern Team},
  title  = {Joern: A Static Analysis Platform for Codebase Exploration and Vulnerability Detection},
  year   = {2020},
  url    = {https://github.com/joernio/joern},
  note   = {Accessed: 2025-05-07},
}

@misc{gcn,
  author        = {Thomas N. Kipf and Max Welling},
  title         = {Semi-Supervised Classification with Graph Convolutional Networks},
  year          = {2017},
  eprint        = {1609.02907},
  archivePrefix = {arXiv},
  primaryClass  = {cs.LG},
  url           = {https://arxiv.org/abs/1609.02907},
}

@misc{focalloss,
  author        = {Tsung-Yi Lin and Priya Goyal and Ross Girshick and Kaiming He and Piotr Dollár},
  title         = {Focal Loss for Dense Object Detection},
  year          = {2018},
  eprint        = {1708.02002},
  archivePrefix = {arXiv},
  primaryClass  = {cs.CV},
  url           = {https://arxiv.org/abs/1708.02002},
}

@misc{peng2024,
  author        = {Xin Peng and Shangwen Wang and Yihao Qin and Bo Lin and Liqian Chen and Xiaoguang Mao},
  title         = {Keep It Simple: Towards Accurate Vulnerability Detection for Large Code Graphs},
  year          = {2024},
  eprint        = {2412.10164},
  archivePrefix = {arXiv},
  primaryClass  = {cs.SE},
  url           = {https://arxiv.org/abs/2412.10164},
}

@misc{primevul,
  author        = {Yangruibo Ding and Yanjun Fu and Omniyyah Ibrahim and Chawin Sitawarin and Xinyun Chen and Basel Alomair and David Wagner and Baishakhi Ray and Yizheng Chen},
  title         = {Vulnerability Detection with Code Language Models: How Far Are We?},
  year          = {2024},
  eprint        = {2403.18624},
  archivePrefix = {arXiv},
  primaryClass  = {cs.SE},
  url           = {https://arxiv.org/abs/2403.18624},
}

@misc{chen2023diversevulnewvulnerablesource,
  author  = {Yizheng Chen and Zhoujie Ding and Lamya Alowain and Xinyun Chen and David Wagner},
  title   = {DiverseVul: A New Vulnerable Source Code Dataset for Deep Learning Based Vulnerability Detection},
  journal = {arXiv preprint},
  month   = apr,
  year    = {2023},
  url     = {https://arxiv.org/abs/2304.00409},
  note    = {arXiv:2304.00409},
}

@misc{wang2021codet5blog,
  author       = {Yue Wang and Steven C.\,H. Hoi},
  title        = {CodeT5: The Code-aware Encoder-Decoder based Pre-trained Programming Language Models},
  howpublished = {\url{https://www.salesforce.com/blog/codet5/}},
  note         = {Salesforce Blog Post},
  month        = sep,
  day          = 3,
  year         = {2021},
}

@misc{wang2021codet5,
  author       = {Yue Wang and Weishi Wang and Shafiq Joty and Steven C.\,H. Hoi},
  title        = {CodeT5: Identifier-aware Unified Pre-trained Encoder-Decoder Models for Code Understanding and Generation},
  year         = {2021},
  howpublished = {\url{https://github.com/salesforce/CodeT5}},
  note         = {GitHub repository},
}

@article{wang2021codet5arxiv,
  author  = {Wang, Yue and Wang, Weishi and Joty, Shafiq and Hoi, Steven C.},
  title   = {CodeT5: Identifier-aware Unified Pre-trained Encoder-Decoder Models for Code Understanding and Generation},
  journal = {arXiv preprint arXiv:2109.00859},
  year    = {2021},
  url     = {https://arxiv.org/abs/2109.00859},
  note    = {Accepted to EMNLP 2021},
}
